@article{de2021determinantes,
	title={Determinantes do desempenho no ENEM na regi{\~a}o Nordeste: uma an{\'a}lise de dados em painel do per{\'\i}odo de 2015 a 2019},
	author={de Souza, Adeilson Elias and de S{\'a} Santos, Luiza Mikaela and de Menezes Larruscaim, Igor and da Nobrega Besarria, Cassio},
	journal={Revista Brasileira de Estudos Regionais e Urbanos},
	volume={15},
	number={4},
	pages={690--711},
	year={2021}
}

@article{deanalise,
  title={AN{\'A}LISE DA M{\'E}DIA DE ALUNOS POR TURMA E TAXAS DE RENDIMENTO},
  author={de Oliveira Moraes, Thyago}
}